%% start of file `publications.bib'.
%% Copyright 2006-2012 Xavier Danaux (xdanaux at gmail.com).
%
% This work may be distributed and/or modified under the
% conditions of the LaTeX Project Public License version 1.3c,
% available at http://www.latex-project.org/lppl/.


@misc{https://doi.org/10.48550/arxiv.2308.13043,
  doi = {10.48550/ARXIV.2308.13043},
  url = {https://arxiv.org/abs/2308.13043},
  author = {Dey,  Anakin and O'Neal,  Kolton and Tran,  Duc Van Khanh and Upshur,  Camron and Yang,  Yong},
  keywords = {Group Theory (math.GR),  FOS: Mathematics,  FOS: Mathematics},
  title = {Classifying Primitive Solvable Permutation Groups of Rank 5 and 6},
  publisher = {arXiv},
  year = {2023},
  copyright = {Creative Commons Attribution Non Commercial No Derivatives 4.0 International}
}

@misc{https://doi.org/10.48550/arxiv.2206.00597,
  doi = {10.48550/ARXIV.2206.00597},
  url = {https://arxiv.org/abs/2206.00597},
  author = {Dey,  Anakin and Ornik,  Melkior},
  keywords = {Multiagent Systems (cs.MA),  FOS: Computer and information sciences,  FOS: Computer and information sciences},
  title = {Post-Disaster Repair Crew Assignment Optimization Using Minimum Latency},
  publisher = {arXiv},
  year = {2022},
  copyright = {arXiv.org perpetual,  non-exclusive license}
}

%% end of file `publications.bib'.
