% Encoding: UTF-8

% https://mirror2.sandyriver.net/pub/ctan/info/biblatex-cheatsheet/biblatex-cheatsheet.pdf

@book{book:lorem_ipsum,
  title={Cicero: De Finibus Bonorum Et Malorum},
  author={Cicero, M.T.},
  isbn={9780674990449},
  url={https://books.google.com/books?id=SD-wngEACAAJ},
  year={1914},
  publisher={Harvard University Press},
}

@misc{site:xkcd,
  author={Randall Munroe},
  title={RFC 1149.5 specifies 4 as the standard IEEE-vetted random number.},
  howpublished={\url{https://xkcd.com/221/}},
  year={2007},
  note={Accessed: 01-09-2023},
}
